@article{abdalkareem_2020_a,
  author = {Abdalkareem, Rabe and Mujahid, Suhaib and Shihab, Emad},
  pages = {1-1},
  title = {A Machine Learning Approach to Improve the Detection of CI Skip Commits},
  doi = {10.1109/tse.2020.2967380},
  url = {http://das.encs.concordia.ca/uploads/abdalkareem_tse2020.pdf},
  urldate = {2020-12-29},
  year = {2020},
  journal = {IEEE Transactions on Software Engineering}
}


@inproceedings{RosenFSE2015,
	author = {Rosen, Christoffer and Grawi, Ben and Shihab, Emad},
	title = {Commit Guru: Analytics and Risk Prediction of Software Commits},
	year = {2015},
	booktitle = {Proceedings of the 2015 10th Joint Meeting on Foundations of Software Engineering},
	pages = {966–969},
	numpages = {4},
	series = {ESEC/FSE 2015},
}


@inproceedings{KarampatsisMSR2020,
	author = {Karampatsis, Rafael-Michael and Sutton, Charles},
	title = {How Often Do Single-Statement Bugs Occur? The ManySStuBs4J Dataset},
	year = {2020},
	booktitle = {Proceedings of the 17th International Conference on Mining Software Repositories},
	pages = {573–577},
	numpages = {5},
	series = {MSR '20},
}


